% Optional fields: volumeditor, editora, editorb, editorc, translator, annotator, commentator, introduction, foreword, afterword, subtitle, titleaddon, maintitle, mainsubtitle, maintitleaddon, language, origlanguage, volume, part, edition, volumes, series, number, note, publisher, location, isbn, chapter, pages, pagetotal, addendum, pubstate, doi, eprint, eprintclass, eprinttype, url, urldate
@book{Silva2008,
	author = {Paul J Silva},
	title = {How to Write a Lot},
	year = {2007},
	subtitle= {A Practical Guide to Productive Academic Writing},
}

% Optional fields: volumeditor, editora, editorb, editorc, translator, annotator, commentator, introduction, foreword, afterword, subtitle, titleaddon, maintitle, mainsubtitle, maintitleaddon, language, origlanguage, volume, part, edition, volumes, series, number, note, publisher, location, isbn, chapter, pages, pagetotal, addendum, pubstate, doi, eprint, eprintclass, eprinttype, url, urldate
@book{Eco2015,
	author = {Umberto Eco},
	title = {How to Write a Thesis},
	year = {2015},
	translator=	{Caterina Mongiat Farina and Geoff Farina},
	publisher=	{MIT University Press},
}

% Optional fields: author, title, subtitle, titleaddon, language, howpublished, type, version, note, organization, location, date, month, year, addendum, pubstate, doi, eprint, eprintclass, eprinttype, url, urldate
@video{Godin2009,
	title=	{Seth Godin: Quieting the Lizard Brain},
	author=	{Seth Godin},
	url=	{https://vimeo.com/5895898},
	howpublished=	{Vimeo},
	date=	{August 2, 2009}
}

% Optional fields: volumeditor, editora, editorb, editorc, translator, annotator, commentator, introduction, foreword, afterword, subtitle, titleaddon, maintitle, mainsubtitle, maintitleaddon, language, origlanguage, volume, part, edition, volumes, series, number, note, publisher, location, isbn, chapter, pages, pagetotal, addendum, pubstate, doi, eprint, eprintclass, eprinttype, url, urldate
@book{Pressfield2012,
	author = {Steven Pressfield},
	title = {The War of Art},
	year = {2012}
}

% Optional fields: volumeditor, editora, editorb, editorc, translator, annotator, commentator, introduction, foreword, afterword, subtitle, titleaddon, maintitle, mainsubtitle, maintitleaddon, language, origlanguage, volume, part, edition, volumes, series, number, note, publisher, location, isbn, chapter, pages, pagetotal, addendum, pubstate, doi, eprint, eprintclass, eprinttype, url, urldate
@book{Levitin2015,
	author = {Daniel J Levitin},
	title = {The Organized Mind},
	subtitle=	{Thinking Straight in the Age of Information Overload},
	year = {2015}
}

% Optional fields: volumeditor, editora, editorb, editorc, translator, annotator, commentator, introduction, foreword, afterword, subtitle, titleaddon, maintitle, mainsubtitle, maintitleaddon, language, origlanguage, volume, part, edition, volumes, series, number, note, publisher, location, isbn, chapter, pages, pagetotal, addendum, pubstate, doi, eprint, eprintclass, eprinttype, url, urldate
@book{Newport2016,
	author = {Cal Newport},
	title = {Deep Work},
	subtitle=	{Rules for focused success in a distracted world},
	year = {2016}
}

% Optional fields: translator, annotator, commentator, subtitle, titleaddon, editor, editora, editorb, editorc, journalsubtitle, issuetitle, issuesubtitle, language, origlanguage, series, volume, number, eid, issue, month, pages, version, note, issn, addendum, pubstate, doi, eprint, eprintclass, eprinttype, url, urldate
@article{Healy2016,
    author = {Kieran Healy},
    title = {The Plain Person's Guide to Plain Text Social Science},
    journaltitle = {Self-Published},
    year = {2016},
    url=	{http://plain-text.co/}
}

% Optional fields: volumeditor, editora, editorb, editorc, translator, annotator, commentator, introduction, foreword, afterword, subtitle, titleaddon, maintitle, mainsubtitle, maintitleaddon, language, origlanguage, volume, part, edition, volumes, series, number, note, publisher, location, isbn, chapter, pages, pagetotal, addendum, pubstate, doi, eprint, eprintclass, eprinttype, url, urldate
@book{Allen2015,
	author = {David Allen},
	title = {Getting Things Done},
	subtitle=	{The Art of Stress-Free Productivity},
	year = {2015}
}

% Optional fields: author, title, subtitle, titleaddon, language, howpublished, type, version, note, organization, location, date, month, year, addendum, pubstate, doi, eprint, eprintclass, eprinttype, url, urldate
@video{Maupin2015,
	author=	{Alan Maupin},
	url=	{https://youtu.be/RqzOUQmRPv8},
	howpublished=	{YouTube},
	title=			{DevonThink Pro Overview},
}

% Optional fields: author, title, subtitle, titleaddon, language, howpublished, type, version, note, organization, location, date, month, year, addendum, pubstate, doi, eprint, eprintclass, eprinttype, url, urldate
@video{Ferguson2016,
	author=	{Kirby Ferguson},
	url=	{https://youtu.be/lvDuVG6J3Xk},
	howpublished=	{YouTube},
	title=	{How I Write (Scrivener and DEVONthink Workflow)
}    
}


% Optional fields: translator, annotator, commentator, subtitle, titleaddon, editor, editora, editorb, editorc, journalsubtitle, issuetitle, issuesubtitle, language, origlanguage, series, volume, number, eid, issue, month, pages, version, note, issn, addendum, pubstate, doi, eprint, eprintclass, eprinttype, url, urldate
@article{ProgHist,
    author = {Adam Crymble and Fred Gibbs and Allison Hegel and Caleb McDaniel and Ian Milligan and Evan Taparata and Amanda Visconti and and Jeri Wieringa},
    title = {The Programing Historian},
    year = {2016},
    url=	{http://programminghistorian.org/},
    edition=	{2nd}
}